%YAML 1.1
%TAG !u! tag:unity3d.com,2011:
--- !u!29 &1
OcclusionCullingSettings:
  m_ObjectHideFlags: 0
  serializedVersion: 2
  m_OcclusionBakeSettings:
    smallestOccluder: 5
    smallestHole: 0.25
    backfaceThreshold: 100
  m_SceneGUID: 00000000000000000000000000000000
  m_OcclusionCullingData: {fileID: 0}
--- !u!104 &2
RenderSettings:
  m_ObjectHideFlags: 0
  serializedVersion: 9
  m_Fog: 0
  m_FogColor: {r: 0.5, g: 0.5, b: 0.5, a: 1}
  m_FogMode: 3
  m_FogDensity: 0.01
  m_LinearFogStart: 0
  m_LinearFogEnd: 300
  m_AmbientSkyColor: {r: 0.212, g: 0.227, b: 0.259, a: 1}
  m_AmbientEquatorColor: {r: 0.114, g: 0.125, b: 0.133, a: 1}
  m_AmbientGroundColor: {r: 0.047, g: 0.043, b: 0.035, a: 1}
  m_AmbientIntensity: 1
  m_AmbientMode: 0
  m_SubtractiveShadowColor: {r: 0.42, g: 0.478, b: 0.627, a: 1}
  m_SkyboxMaterial: {fileID: 10304, guid: 0000000000000000f000000000000000, type: 0}
  m_HaloStrength: 0.5
  m_FlareStrength: 1
  m_FlareFadeSpeed: 3
  m_HaloTexture: {fileID: 0}
  m_SpotCookie: {fileID: 10001, guid: 0000000000000000e000000000000000, type: 0}
  m_DefaultReflectionMode: 0
  m_DefaultReflectionResolution: 128
  m_ReflectionBounces: 1
  m_ReflectionIntensity: 1
  m_CustomReflection: {fileID: 0}
  m_Sun: {fileID: 705507994}
  m_IndirectSpecularColor: {r: 0.44657898, g: 0.49641287, b: 0.5748173, a: 1}
  m_UseRadianceAmbientProbe: 0
--- !u!157 &3
LightmapSettings:
  m_ObjectHideFlags: 0
  serializedVersion: 11
  m_GIWorkflowMode: 0
  m_GISettings:
    serializedVersion: 2
    m_BounceScale: 1
    m_IndirectOutputScale: 1
    m_AlbedoBoost: 1
    m_EnvironmentLightingMode: 0
    m_EnableBakedLightmaps: 1
    m_EnableRealtimeLightmaps: 1
  m_LightmapEditorSettings:
    serializedVersion: 12
    m_Resolution: 2
    m_BakeResolution: 40
    m_AtlasSize: 1024
    m_AO: 0
    m_AOMaxDistance: 1
    m_CompAOExponent: 1
    m_CompAOExponentDirect: 0
    m_ExtractAmbientOcclusion: 0
    m_Padding: 2
    m_LightmapParameters: {fileID: 0}
    m_LightmapsBakeMode: 1
    m_TextureCompression: 1
    m_FinalGather: 0
    m_FinalGatherFiltering: 1
    m_FinalGatherRayCount: 256
    m_ReflectionCompression: 2
    m_MixedBakeMode: 2
    m_BakeBackend: 1
    m_PVRSampling: 1
    m_PVRDirectSampleCount: 32
    m_PVRSampleCount: 500
    m_PVRBounces: 2
    m_PVREnvironmentSampleCount: 500
    m_PVREnvironmentReferencePointCount: 2048
    m_PVRFilteringMode: 2
    m_PVRDenoiserTypeDirect: 0
    m_PVRDenoiserTypeIndirect: 0
    m_PVRDenoiserTypeAO: 0
    m_PVRFilterTypeDirect: 0
    m_PVRFilterTypeIndirect: 0
    m_PVRFilterTypeAO: 0
    m_PVREnvironmentMIS: 0
    m_PVRCulling: 1
    m_PVRFilteringGaussRadiusDirect: 1
    m_PVRFilteringGaussRadiusIndirect: 5
    m_PVRFilteringGaussRadiusAO: 2
    m_PVRFilteringAtrousPositionSigmaDirect: 0.5
    m_PVRFilteringAtrousPositionSigmaIndirect: 2
    m_PVRFilteringAtrousPositionSigmaAO: 1
    m_ExportTrainingData: 0
    m_TrainingDataDestination: TrainingData
  m_LightingDataAsset: {fileID: 0}
  m_UseShadowmask: 1
--- !u!196 &4
NavMeshSettings:
  serializedVersion: 2
  m_ObjectHideFlags: 0
  m_BuildSettings:
    serializedVersion: 2
    agentTypeID: 0
    agentRadius: 0.5
    agentHeight: 2
    agentSlope: 45
    agentClimb: 0.4
    ledgeDropHeight: 0
    maxJumpAcrossDistance: 0
    minRegionArea: 2
    manualCellSize: 0
    cellSize: 0.16666667
    manualTileSize: 0
    tileSize: 256
    accuratePlacement: 0
    debug:
      m_Flags: 0
  m_NavMeshData: {fileID: 0}
--- !u!1 &96749531
GameObject:
  m_ObjectHideFlags: 0
  m_CorrespondingSourceObject: {fileID: 0}
  m_PrefabInstance: {fileID: 0}
  m_PrefabAsset: {fileID: 0}
  serializedVersion: 6
  m_Component:
  - component: {fileID: 96749532}
  - component: {fileID: 96749534}
  - component: {fileID: 96749533}
  m_Layer: 0
  m_Name: SideBar
  m_TagString: Untagged
  m_Icon: {fileID: 0}
  m_NavMeshLayer: 0
  m_StaticEditorFlags: 0
  m_IsActive: 1
--- !u!224 &96749532
RectTransform:
  m_ObjectHideFlags: 0
  m_CorrespondingSourceObject: {fileID: 0}
  m_PrefabInstance: {fileID: 0}
  m_PrefabAsset: {fileID: 0}
  m_GameObject: {fileID: 96749531}
  m_LocalRotation: {x: -0, y: -0, z: -0, w: 1}
  m_LocalPosition: {x: 0, y: 0, z: 0}
  m_LocalScale: {x: 1, y: 1, z: 1}
  m_Children: []
  m_Father: {fileID: 519692704}
  m_RootOrder: 1
  m_LocalEulerAnglesHint: {x: 0, y: 0, z: 0}
  m_AnchorMin: {x: 0, y: 0}
  m_AnchorMax: {x: 0, y: 1}
  m_AnchoredPosition: {x: 0, y: 0}
  m_SizeDelta: {x: 36, y: 0}
  m_Pivot: {x: 0, y: 0.5}
--- !u!114 &96749533
MonoBehaviour:
  m_ObjectHideFlags: 0
  m_CorrespondingSourceObject: {fileID: 0}
  m_PrefabInstance: {fileID: 0}
  m_PrefabAsset: {fileID: 0}
  m_GameObject: {fileID: 96749531}
  m_Enabled: 1
  m_EditorHideFlags: 0
  m_Script: {fileID: 11500000, guid: fe87c0e1cc204ed48ad3b37840f39efc, type: 3}
  m_Name: 
  m_EditorClassIdentifier: 
  m_Material: {fileID: 0}
  m_Color: {r: 1, g: 1, b: 1, a: 1}
  m_RaycastTarget: 0
  m_OnCullStateChanged:
    m_PersistentCalls:
      m_Calls: []
  m_Sprite: {fileID: 21300000, guid: bdbb2262b1e2245cb8582f7e28f7f484, type: 3}
  m_Type: 0
  m_PreserveAspect: 0
  m_FillCenter: 1
  m_FillMethod: 4
  m_FillAmount: 1
  m_FillClockwise: 1
  m_FillOrigin: 0
  m_UseSpriteMesh: 0
  m_PixelsPerUnitMultiplier: 1
--- !u!222 &96749534
CanvasRenderer:
  m_ObjectHideFlags: 0
  m_CorrespondingSourceObject: {fileID: 0}
  m_PrefabInstance: {fileID: 0}
  m_PrefabAsset: {fileID: 0}
  m_GameObject: {fileID: 96749531}
  m_CullTransparentMesh: 0
--- !u!1 &290038790
GameObject:
  m_ObjectHideFlags: 0
  m_CorrespondingSourceObject: {fileID: 0}
  m_PrefabInstance: {fileID: 0}
  m_PrefabAsset: {fileID: 0}
  serializedVersion: 6
  m_Component:
  - component: {fileID: 290038791}
  - component: {fileID: 290038793}
  - component: {fileID: 290038792}
  m_Layer: 0
  m_Name: BottomBar
  m_TagString: Untagged
  m_Icon: {fileID: 0}
  m_NavMeshLayer: 0
  m_StaticEditorFlags: 0
  m_IsActive: 1
--- !u!224 &290038791
RectTransform:
  m_ObjectHideFlags: 0
  m_CorrespondingSourceObject: {fileID: 0}
  m_PrefabInstance: {fileID: 0}
  m_PrefabAsset: {fileID: 0}
  m_GameObject: {fileID: 290038790}
  m_LocalRotation: {x: -0, y: -0, z: -0, w: 1}
  m_LocalPosition: {x: 0, y: 0, z: 0}
  m_LocalScale: {x: 1, y: 1, z: 1}
  m_Children: []
  m_Father: {fileID: 519692704}
  m_RootOrder: 0
  m_LocalEulerAnglesHint: {x: 0, y: 0, z: 0}
  m_AnchorMin: {x: 0, y: 0}
  m_AnchorMax: {x: 1, y: 0}
  m_AnchoredPosition: {x: 0, y: 0}
  m_SizeDelta: {x: 0, y: 201.5}
  m_Pivot: {x: 0.5, y: 0}
--- !u!114 &290038792
MonoBehaviour:
  m_ObjectHideFlags: 0
  m_CorrespondingSourceObject: {fileID: 0}
  m_PrefabInstance: {fileID: 0}
  m_PrefabAsset: {fileID: 0}
  m_GameObject: {fileID: 290038790}
  m_Enabled: 1
  m_EditorHideFlags: 0
  m_Script: {fileID: 11500000, guid: fe87c0e1cc204ed48ad3b37840f39efc, type: 3}
  m_Name: 
  m_EditorClassIdentifier: 
  m_Material: {fileID: 0}
  m_Color: {r: 1, g: 1, b: 1, a: 1}
  m_RaycastTarget: 1
  m_OnCullStateChanged:
    m_PersistentCalls:
      m_Calls: []
  m_Sprite: {fileID: 21300000, guid: e086729b7603f425aa2f4fecc5b20df1, type: 3}
  m_Type: 0
  m_PreserveAspect: 0
  m_FillCenter: 1
  m_FillMethod: 4
  m_FillAmount: 1
  m_FillClockwise: 1
  m_FillOrigin: 0
  m_UseSpriteMesh: 0
  m_PixelsPerUnitMultiplier: 1
--- !u!222 &290038793
CanvasRenderer:
  m_ObjectHideFlags: 0
  m_CorrespondingSourceObject: {fileID: 0}
  m_PrefabInstance: {fileID: 0}
  m_PrefabAsset: {fileID: 0}
  m_GameObject: {fileID: 290038790}
  m_CullTransparentMesh: 0
--- !u!224 &493614356 stripped
RectTransform:
  m_CorrespondingSourceObject: {fileID: 639116245541149368, guid: b5a6c614ac1f9401e8f297fa010cde23,
    type: 3}
  m_PrefabInstance: {fileID: 639116245458923436}
  m_PrefabAsset: {fileID: 0}
--- !u!1 &519692700
GameObject:
  m_ObjectHideFlags: 0
  m_CorrespondingSourceObject: {fileID: 0}
  m_PrefabInstance: {fileID: 0}
  m_PrefabAsset: {fileID: 0}
  serializedVersion: 6
  m_Component:
  - component: {fileID: 519692704}
  - component: {fileID: 519692703}
  - component: {fileID: 519692702}
  - component: {fileID: 519692701}
  m_Layer: 0
  m_Name: Canvas
  m_TagString: Untagged
  m_Icon: {fileID: 0}
  m_NavMeshLayer: 0
  m_StaticEditorFlags: 0
  m_IsActive: 1
--- !u!114 &519692701
MonoBehaviour:
  m_ObjectHideFlags: 0
  m_CorrespondingSourceObject: {fileID: 0}
  m_PrefabInstance: {fileID: 0}
  m_PrefabAsset: {fileID: 0}
  m_GameObject: {fileID: 519692700}
  m_Enabled: 1
  m_EditorHideFlags: 0
  m_Script: {fileID: 11500000, guid: dc42784cf147c0c48a680349fa168899, type: 3}
  m_Name: 
  m_EditorClassIdentifier: 
  m_IgnoreReversedGraphics: 1
  m_BlockingObjects: 0
  m_BlockingMask:
    serializedVersion: 2
    m_Bits: 4294967295
--- !u!114 &519692702
MonoBehaviour:
  m_ObjectHideFlags: 0
  m_CorrespondingSourceObject: {fileID: 0}
  m_PrefabInstance: {fileID: 0}
  m_PrefabAsset: {fileID: 0}
  m_GameObject: {fileID: 519692700}
  m_Enabled: 1
  m_EditorHideFlags: 0
  m_Script: {fileID: 11500000, guid: 0cd44c1031e13a943bb63640046fad76, type: 3}
  m_Name: 
  m_EditorClassIdentifier: 
  m_UiScaleMode: 1
  m_ReferencePixelsPerUnit: 100
  m_ScaleFactor: 1
  m_ReferenceResolution: {x: 1024, y: 768}
  m_ScreenMatchMode: 1
  m_MatchWidthOrHeight: 0
  m_PhysicalUnit: 3
  m_FallbackScreenDPI: 96
  m_DefaultSpriteDPI: 96
  m_DynamicPixelsPerUnit: 1
--- !u!223 &519692703
Canvas:
  m_ObjectHideFlags: 0
  m_CorrespondingSourceObject: {fileID: 0}
  m_PrefabInstance: {fileID: 0}
  m_PrefabAsset: {fileID: 0}
  m_GameObject: {fileID: 519692700}
  m_Enabled: 1
  serializedVersion: 3
  m_RenderMode: 0
  m_Camera: {fileID: 0}
  m_PlaneDistance: 100
  m_PixelPerfect: 0
  m_ReceivesEvents: 1
  m_OverrideSorting: 0
  m_OverridePixelPerfect: 0
  m_SortingBucketNormalizedSize: 0
  m_AdditionalShaderChannelsFlag: 25
  m_SortingLayerID: 0
  m_SortingOrder: 0
  m_TargetDisplay: 0
--- !u!224 &519692704
RectTransform:
  m_ObjectHideFlags: 0
  m_CorrespondingSourceObject: {fileID: 0}
  m_PrefabInstance: {fileID: 0}
  m_PrefabAsset: {fileID: 0}
  m_GameObject: {fileID: 519692700}
  m_LocalRotation: {x: 0, y: 0, z: 0, w: 1}
  m_LocalPosition: {x: 0, y: 0, z: 0}
  m_LocalScale: {x: 0, y: 0, z: 0}
  m_Children:
  - {fileID: 290038791}
  - {fileID: 96749532}
  - {fileID: 707890050}
  m_Father: {fileID: 0}
  m_RootOrder: 5
  m_LocalEulerAnglesHint: {x: 0, y: 0, z: 0}
  m_AnchorMin: {x: 0, y: 0}
  m_AnchorMax: {x: 0, y: 0}
  m_AnchoredPosition: {x: 0, y: 0}
  m_SizeDelta: {x: 0, y: 0}
  m_Pivot: {x: 0, y: 0}
--- !u!1 &705507993
GameObject:
  m_ObjectHideFlags: 0
  m_CorrespondingSourceObject: {fileID: 0}
  m_PrefabInstance: {fileID: 0}
  m_PrefabAsset: {fileID: 0}
  serializedVersion: 6
  m_Component:
  - component: {fileID: 705507995}
  - component: {fileID: 705507994}
  m_Layer: 0
  m_Name: Directional Light
  m_TagString: Untagged
  m_Icon: {fileID: 0}
  m_NavMeshLayer: 0
  m_StaticEditorFlags: 0
  m_IsActive: 1
--- !u!108 &705507994
Light:
  m_ObjectHideFlags: 0
  m_CorrespondingSourceObject: {fileID: 0}
  m_PrefabInstance: {fileID: 0}
  m_PrefabAsset: {fileID: 0}
  m_GameObject: {fileID: 705507993}
  m_Enabled: 1
  serializedVersion: 9
  m_Type: 1
  m_Color: {r: 1, g: 0.95686275, b: 0.8392157, a: 1}
  m_Intensity: 1
  m_Range: 10
  m_SpotAngle: 30
  m_InnerSpotAngle: 21.802082
  m_CookieSize: 10
  m_Shadows:
    m_Type: 2
    m_Resolution: -1
    m_CustomResolution: -1
    m_Strength: 1
    m_Bias: 0.05
    m_NormalBias: 0.4
    m_NearPlane: 0.2
    m_CullingMatrixOverride:
      e00: 1
      e01: 0
      e02: 0
      e03: 0
      e10: 0
      e11: 1
      e12: 0
      e13: 0
      e20: 0
      e21: 0
      e22: 1
      e23: 0
      e30: 0
      e31: 0
      e32: 0
      e33: 1
    m_UseCullingMatrixOverride: 0
  m_Cookie: {fileID: 0}
  m_DrawHalo: 0
  m_Flare: {fileID: 0}
  m_RenderMode: 0
  m_CullingMask:
    serializedVersion: 2
    m_Bits: 4294967295
  m_RenderingLayerMask: 1
  m_Lightmapping: 1
  m_LightShadowCasterMode: 0
  m_AreaSize: {x: 1, y: 1}
  m_BounceIntensity: 1
  m_ColorTemperature: 6570
  m_UseColorTemperature: 0
  m_BoundingSphereOverride: {x: 0, y: 0, z: 0, w: 0}
  m_UseBoundingSphereOverride: 0
  m_ShadowRadius: 0
  m_ShadowAngle: 0
--- !u!4 &705507995
Transform:
  m_ObjectHideFlags: 0
  m_CorrespondingSourceObject: {fileID: 0}
  m_PrefabInstance: {fileID: 0}
  m_PrefabAsset: {fileID: 0}
  m_GameObject: {fileID: 705507993}
  m_LocalRotation: {x: 0.40821788, y: -0.23456968, z: 0.10938163, w: 0.8754261}
  m_LocalPosition: {x: 0, y: 3, z: 0}
  m_LocalScale: {x: 1, y: 1, z: 1}
  m_Children: []
  m_Father: {fileID: 0}
  m_RootOrder: 1
  m_LocalEulerAnglesHint: {x: 50, y: -30, z: 0}
--- !u!1 &707890049
GameObject:
  m_ObjectHideFlags: 0
  m_CorrespondingSourceObject: {fileID: 0}
  m_PrefabInstance: {fileID: 0}
  m_PrefabAsset: {fileID: 0}
  serializedVersion: 6
  m_Component:
  - component: {fileID: 707890050}
  - component: {fileID: 707890051}
  m_Layer: 0
  m_Name: HUD
  m_TagString: Untagged
  m_Icon: {fileID: 0}
  m_NavMeshLayer: 0
  m_StaticEditorFlags: 0
  m_IsActive: 1
--- !u!224 &707890050
RectTransform:
  m_ObjectHideFlags: 0
  m_CorrespondingSourceObject: {fileID: 0}
  m_PrefabInstance: {fileID: 0}
  m_PrefabAsset: {fileID: 0}
  m_GameObject: {fileID: 707890049}
  m_LocalRotation: {x: 0, y: 0, z: 0, w: 1}
  m_LocalPosition: {x: 0, y: 0, z: 0}
  m_LocalScale: {x: 1, y: 1, z: 1}
  m_Children:
  - {fileID: 493614356}
  - {fileID: 933626856}
  - {fileID: 957888723}
  - {fileID: 1897408700}
  - {fileID: 1654171596}
  - {fileID: 1581975497}
  m_Father: {fileID: 519692704}
  m_RootOrder: 2
  m_LocalEulerAnglesHint: {x: 0, y: 0, z: 0}
  m_AnchorMin: {x: 0, y: 0}
  m_AnchorMax: {x: 1, y: 1}
  m_AnchoredPosition: {x: 0, y: 0}
  m_SizeDelta: {x: 0, y: 0}
  m_Pivot: {x: 0.5, y: 0.5}
--- !u!114 &707890051
MonoBehaviour:
  m_ObjectHideFlags: 0
  m_CorrespondingSourceObject: {fileID: 0}
  m_PrefabInstance: {fileID: 0}
  m_PrefabAsset: {fileID: 0}
  m_GameObject: {fileID: 707890049}
  m_Enabled: 1
  m_EditorHideFlags: 0
  m_Script: {fileID: 11500000, guid: 11aa55feb56f046119d3f7e7a9d1253e, type: 3}
  m_Name: 
  m_EditorClassIdentifier: 
  gameStateIndicator: {fileID: 957888722}
  gameStateIndicatorText: {fileID: 1303701145}
  playerName: {fileID: 1654171597}
  endTurnBtn: {fileID: 933626857}
  leaveGameBtn: {fileID: 639116245458923437}
  backToLobbyBtn: {fileID: 1581975498}
--- !u!1 &819659831
GameObject:
  m_ObjectHideFlags: 0
  m_CorrespondingSourceObject: {fileID: 0}
  m_PrefabInstance: {fileID: 0}
  m_PrefabAsset: {fileID: 0}
  serializedVersion: 6
  m_Component:
  - component: {fileID: 819659832}
  - component: {fileID: 819659834}
  - component: {fileID: 819659833}
  m_Layer: 5
  m_Name: Image
  m_TagString: Untagged
  m_Icon: {fileID: 0}
  m_NavMeshLayer: 0
  m_StaticEditorFlags: 0
  m_IsActive: 1
--- !u!224 &819659832
RectTransform:
  m_ObjectHideFlags: 0
  m_CorrespondingSourceObject: {fileID: 0}
  m_PrefabInstance: {fileID: 0}
  m_PrefabAsset: {fileID: 0}
  m_GameObject: {fileID: 819659831}
  m_LocalRotation: {x: 0, y: 0, z: 0, w: 1}
  m_LocalPosition: {x: 0, y: 0, z: 0}
  m_LocalScale: {x: 1, y: 1, z: 1}
  m_Children: []
  m_Father: {fileID: 957888723}
  m_RootOrder: 0
  m_LocalEulerAnglesHint: {x: 0, y: 0, z: 0}
  m_AnchorMin: {x: 0.5, y: 0.5}
  m_AnchorMax: {x: 0.5, y: 0.5}
  m_AnchoredPosition: {x: 0.000005722046, y: 0.0000014305115}
  m_SizeDelta: {x: 735.9, y: 113.1}
  m_Pivot: {x: 0.5, y: 0.5}
--- !u!114 &819659833
MonoBehaviour:
  m_ObjectHideFlags: 0
  m_CorrespondingSourceObject: {fileID: 0}
  m_PrefabInstance: {fileID: 0}
  m_PrefabAsset: {fileID: 0}
  m_GameObject: {fileID: 819659831}
  m_Enabled: 1
  m_EditorHideFlags: 0
  m_Script: {fileID: 11500000, guid: fe87c0e1cc204ed48ad3b37840f39efc, type: 3}
  m_Name: 
  m_EditorClassIdentifier: 
  m_Material: {fileID: 0}
  m_Color: {r: 1, g: 1, b: 1, a: 1}
  m_RaycastTarget: 1
  m_OnCullStateChanged:
    m_PersistentCalls:
      m_Calls: []
  m_Sprite: {fileID: 21300000, guid: f7bef494a6d144d9c9f79a3ef5315856, type: 3}
  m_Type: 0
  m_PreserveAspect: 0
  m_FillCenter: 1
  m_FillMethod: 4
  m_FillAmount: 1
  m_FillClockwise: 1
  m_FillOrigin: 0
  m_UseSpriteMesh: 0
  m_PixelsPerUnitMultiplier: 1
--- !u!222 &819659834
CanvasRenderer:
  m_ObjectHideFlags: 0
  m_CorrespondingSourceObject: {fileID: 0}
  m_PrefabInstance: {fileID: 0}
  m_PrefabAsset: {fileID: 0}
  m_GameObject: {fileID: 819659831}
  m_CullTransparentMesh: 0
--- !u!1 &933626855
GameObject:
  m_ObjectHideFlags: 0
  m_CorrespondingSourceObject: {fileID: 0}
  m_PrefabInstance: {fileID: 0}
  m_PrefabAsset: {fileID: 0}
  serializedVersion: 6
  m_Component:
  - component: {fileID: 933626856}
  - component: {fileID: 933626859}
  - component: {fileID: 933626858}
  - component: {fileID: 933626857}
  m_Layer: 5
  m_Name: EndTurnButton
  m_TagString: Untagged
  m_Icon: {fileID: 0}
  m_NavMeshLayer: 0
  m_StaticEditorFlags: 0
  m_IsActive: 1
--- !u!224 &933626856
RectTransform:
  m_ObjectHideFlags: 0
  m_CorrespondingSourceObject: {fileID: 0}
  m_PrefabInstance: {fileID: 0}
  m_PrefabAsset: {fileID: 0}
  m_GameObject: {fileID: 933626855}
  m_LocalRotation: {x: 0, y: 0, z: 0, w: 1}
  m_LocalPosition: {x: 0, y: 0, z: 0}
  m_LocalScale: {x: 1, y: -1, z: 1}
  m_Children:
  - {fileID: 1218722356}
  m_Father: {fileID: 707890050}
  m_RootOrder: 1
  m_LocalEulerAnglesHint: {x: 0, y: 0, z: 0}
  m_AnchorMin: {x: 1, y: 0}
  m_AnchorMax: {x: 1, y: 0}
  m_AnchoredPosition: {x: -80, y: 15}
  m_SizeDelta: {x: 160, y: 30}
  m_Pivot: {x: 0.5, y: 0.5}
--- !u!114 &933626857
MonoBehaviour:
  m_ObjectHideFlags: 0
  m_CorrespondingSourceObject: {fileID: 0}
  m_PrefabInstance: {fileID: 0}
  m_PrefabAsset: {fileID: 0}
  m_GameObject: {fileID: 933626855}
  m_Enabled: 1
  m_EditorHideFlags: 0
  m_Script: {fileID: 11500000, guid: 4e29b1a8efbd4b44bb3f3716e73f07ff, type: 3}
  m_Name: 
  m_EditorClassIdentifier: 
  m_Navigation:
    m_Mode: 3
    m_SelectOnUp: {fileID: 0}
    m_SelectOnDown: {fileID: 0}
    m_SelectOnLeft: {fileID: 0}
    m_SelectOnRight: {fileID: 0}
  m_Transition: 1
  m_Colors:
    m_NormalColor: {r: 1, g: 1, b: 1, a: 1}
    m_HighlightedColor: {r: 0.9607843, g: 0.9607843, b: 0.9607843, a: 1}
    m_PressedColor: {r: 0.78431374, g: 0.78431374, b: 0.78431374, a: 1}
    m_SelectedColor: {r: 0.9607843, g: 0.9607843, b: 0.9607843, a: 1}
    m_DisabledColor: {r: 0.78431374, g: 0.78431374, b: 0.78431374, a: 0.5019608}
    m_ColorMultiplier: 1
    m_FadeDuration: 0.1
  m_SpriteState:
    m_HighlightedSprite: {fileID: 0}
    m_PressedSprite: {fileID: 0}
    m_SelectedSprite: {fileID: 0}
    m_DisabledSprite: {fileID: 0}
  m_AnimationTriggers:
    m_NormalTrigger: Normal
    m_HighlightedTrigger: Highlighted
    m_PressedTrigger: Pressed
    m_SelectedTrigger: Selected
    m_DisabledTrigger: Disabled
  m_Interactable: 1
  m_TargetGraphic: {fileID: 933626858}
  m_OnClick:
    m_PersistentCalls:
      m_Calls:
      - m_Target: {fileID: 438601447990009389}
        m_MethodName: EndTurn
        m_Mode: 1
        m_Arguments:
          m_ObjectArgument: {fileID: 0}
          m_ObjectArgumentAssemblyTypeName: UnityEngine.Object, UnityEngine
          m_IntArgument: 0
          m_FloatArgument: 0
          m_StringArgument: 
          m_BoolArgument: 0
        m_CallState: 2
--- !u!114 &933626858
MonoBehaviour:
  m_ObjectHideFlags: 0
  m_CorrespondingSourceObject: {fileID: 0}
  m_PrefabInstance: {fileID: 0}
  m_PrefabAsset: {fileID: 0}
  m_GameObject: {fileID: 933626855}
  m_Enabled: 1
  m_EditorHideFlags: 0
  m_Script: {fileID: 11500000, guid: fe87c0e1cc204ed48ad3b37840f39efc, type: 3}
  m_Name: 
  m_EditorClassIdentifier: 
  m_Material: {fileID: 0}
  m_Color: {r: 1, g: 1, b: 1, a: 1}
  m_RaycastTarget: 1
  m_OnCullStateChanged:
    m_PersistentCalls:
      m_Calls: []
  m_Sprite: {fileID: 21300000, guid: f7bef494a6d144d9c9f79a3ef5315856, type: 3}
  m_Type: 0
  m_PreserveAspect: 0
  m_FillCenter: 1
  m_FillMethod: 4
  m_FillAmount: 1
  m_FillClockwise: 1
  m_FillOrigin: 0
  m_UseSpriteMesh: 0
  m_PixelsPerUnitMultiplier: 1
--- !u!222 &933626859
CanvasRenderer:
  m_ObjectHideFlags: 0
  m_CorrespondingSourceObject: {fileID: 0}
  m_PrefabInstance: {fileID: 0}
  m_PrefabAsset: {fileID: 0}
  m_GameObject: {fileID: 933626855}
  m_CullTransparentMesh: 0
--- !u!1 &957888722
GameObject:
  m_ObjectHideFlags: 0
  m_CorrespondingSourceObject: {fileID: 0}
  m_PrefabInstance: {fileID: 0}
  m_PrefabAsset: {fileID: 0}
  serializedVersion: 6
  m_Component:
  - component: {fileID: 957888723}
  m_Layer: 5
  m_Name: GameStateIndicator
  m_TagString: Untagged
  m_Icon: {fileID: 0}
  m_NavMeshLayer: 0
  m_StaticEditorFlags: 0
  m_IsActive: 0
--- !u!224 &957888723
RectTransform:
  m_ObjectHideFlags: 0
  m_CorrespondingSourceObject: {fileID: 0}
  m_PrefabInstance: {fileID: 0}
  m_PrefabAsset: {fileID: 0}
  m_GameObject: {fileID: 957888722}
  m_LocalRotation: {x: 0, y: 0, z: 0, w: 1}
  m_LocalPosition: {x: 0, y: 0, z: 0}
  m_LocalScale: {x: 1, y: 1, z: 1}
  m_Children:
  - {fileID: 819659832}
  - {fileID: 1303701144}
  m_Father: {fileID: 707890050}
  m_RootOrder: 2
  m_LocalEulerAnglesHint: {x: 0, y: 0, z: 0}
  m_AnchorMin: {x: 0.5, y: 0.5}
  m_AnchorMax: {x: 0.5, y: 0.5}
  m_AnchoredPosition: {x: 0, y: 0}
  m_SizeDelta: {x: 100, y: 100}
  m_Pivot: {x: 0.5, y: 0.5}
--- !u!1 &963194225
GameObject:
  m_ObjectHideFlags: 0
  m_CorrespondingSourceObject: {fileID: 0}
  m_PrefabInstance: {fileID: 0}
  m_PrefabAsset: {fileID: 0}
  serializedVersion: 6
  m_Component:
  - component: {fileID: 963194228}
  - component: {fileID: 963194227}
  - component: {fileID: 963194226}
  m_Layer: 0
  m_Name: Main Camera
  m_TagString: MainCamera
  m_Icon: {fileID: 0}
  m_NavMeshLayer: 0
  m_StaticEditorFlags: 0
  m_IsActive: 1
--- !u!81 &963194226
AudioListener:
  m_ObjectHideFlags: 0
  m_CorrespondingSourceObject: {fileID: 0}
  m_PrefabInstance: {fileID: 0}
  m_PrefabAsset: {fileID: 0}
  m_GameObject: {fileID: 963194225}
  m_Enabled: 1
--- !u!20 &963194227
Camera:
  m_ObjectHideFlags: 0
  m_CorrespondingSourceObject: {fileID: 0}
  m_PrefabInstance: {fileID: 0}
  m_PrefabAsset: {fileID: 0}
  m_GameObject: {fileID: 963194225}
  m_Enabled: 1
  serializedVersion: 2
  m_ClearFlags: 2
  m_BackGroundColor: {r: 0, g: 0, b: 0, a: 0}
  m_projectionMatrixMode: 1
  m_GateFitMode: 2
  m_FOVAxisMode: 0
  m_SensorSize: {x: 36, y: 24}
  m_LensShift: {x: 0, y: 0}
  m_FocalLength: 50
  m_NormalizedViewPortRect:
    serializedVersion: 2
    x: 0
    y: 0
    width: 1
    height: 1
  near clip plane: 1
  far clip plane: 16
  field of view: 15
  orthographic: 0
  orthographic size: 5
  m_Depth: 10
  m_CullingMask:
    serializedVersion: 2
    m_Bits: 4294967295
  m_RenderingPath: -1
  m_TargetTexture: {fileID: 0}
  m_TargetDisplay: 0
  m_TargetEye: 3
  m_HDR: 1
  m_AllowMSAA: 1
  m_AllowDynamicResolution: 0
  m_ForceIntoRT: 0
  m_OcclusionCulling: 1
  m_StereoConvergence: 10
  m_StereoSeparation: 0.022
--- !u!4 &963194228
Transform:
  m_ObjectHideFlags: 0
  m_CorrespondingSourceObject: {fileID: 0}
  m_PrefabInstance: {fileID: 0}
  m_PrefabAsset: {fileID: 0}
  m_GameObject: {fileID: 963194225}
  m_LocalRotation: {x: 0, y: 0, z: 0, w: 1}
  m_LocalPosition: {x: 0, y: 0, z: -15.01}
  m_LocalScale: {x: 1, y: 1, z: 1}
  m_Children: []
  m_Father: {fileID: 0}
  m_RootOrder: 0
  m_LocalEulerAnglesHint: {x: 0, y: 0, z: 0}
--- !u!1 &1218722355
GameObject:
  m_ObjectHideFlags: 0
  m_CorrespondingSourceObject: {fileID: 0}
  m_PrefabInstance: {fileID: 0}
  m_PrefabAsset: {fileID: 0}
  serializedVersion: 6
  m_Component:
  - component: {fileID: 1218722356}
  - component: {fileID: 1218722358}
  - component: {fileID: 1218722357}
  m_Layer: 5
  m_Name: Text
  m_TagString: Untagged
  m_Icon: {fileID: 0}
  m_NavMeshLayer: 0
  m_StaticEditorFlags: 0
  m_IsActive: 1
--- !u!224 &1218722356
RectTransform:
  m_ObjectHideFlags: 0
  m_CorrespondingSourceObject: {fileID: 0}
  m_PrefabInstance: {fileID: 0}
  m_PrefabAsset: {fileID: 0}
  m_GameObject: {fileID: 1218722355}
  m_LocalRotation: {x: -0, y: -0, z: -0, w: 1}
  m_LocalPosition: {x: 0, y: 0, z: 0}
  m_LocalScale: {x: 1, y: -1, z: 1}
  m_Children: []
  m_Father: {fileID: 933626856}
  m_RootOrder: 0
  m_LocalEulerAnglesHint: {x: 0, y: 0, z: 0}
  m_AnchorMin: {x: 0, y: 0}
  m_AnchorMax: {x: 1, y: 1}
  m_AnchoredPosition: {x: 0, y: 2}
  m_SizeDelta: {x: 0, y: 0}
  m_Pivot: {x: 0.5, y: 0.5}
--- !u!114 &1218722357
MonoBehaviour:
  m_ObjectHideFlags: 0
  m_CorrespondingSourceObject: {fileID: 0}
  m_PrefabInstance: {fileID: 0}
  m_PrefabAsset: {fileID: 0}
  m_GameObject: {fileID: 1218722355}
  m_Enabled: 1
  m_EditorHideFlags: 0
  m_Script: {fileID: 11500000, guid: 5f7201a12d95ffc409449d95f23cf332, type: 3}
  m_Name: 
  m_EditorClassIdentifier: 
  m_Material: {fileID: 0}
  m_Color: {r: 1, g: 1, b: 1, a: 1}
  m_RaycastTarget: 1
  m_OnCullStateChanged:
    m_PersistentCalls:
      m_Calls: []
  m_FontData:
    m_Font: {fileID: 10102, guid: 0000000000000000e000000000000000, type: 0}
    m_FontSize: 14
    m_FontStyle: 1
    m_BestFit: 0
    m_MinSize: 10
    m_MaxSize: 40
    m_Alignment: 4
    m_AlignByGeometry: 0
    m_RichText: 1
    m_HorizontalOverflow: 0
    m_VerticalOverflow: 0
    m_LineSpacing: 1
  m_Text: DONE
--- !u!222 &1218722358
CanvasRenderer:
  m_ObjectHideFlags: 0
  m_CorrespondingSourceObject: {fileID: 0}
  m_PrefabInstance: {fileID: 0}
  m_PrefabAsset: {fileID: 0}
  m_GameObject: {fileID: 1218722355}
  m_CullTransparentMesh: 0
--- !u!1 &1303701143
GameObject:
  m_ObjectHideFlags: 0
  m_CorrespondingSourceObject: {fileID: 0}
  m_PrefabInstance: {fileID: 0}
  m_PrefabAsset: {fileID: 0}
  serializedVersion: 6
  m_Component:
  - component: {fileID: 1303701144}
  - component: {fileID: 1303701146}
  - component: {fileID: 1303701145}
  m_Layer: 5
  m_Name: Text
  m_TagString: Untagged
  m_Icon: {fileID: 0}
  m_NavMeshLayer: 0
  m_StaticEditorFlags: 0
  m_IsActive: 1
--- !u!224 &1303701144
RectTransform:
  m_ObjectHideFlags: 0
  m_CorrespondingSourceObject: {fileID: 0}
  m_PrefabInstance: {fileID: 0}
  m_PrefabAsset: {fileID: 0}
  m_GameObject: {fileID: 1303701143}
  m_LocalRotation: {x: 0, y: 0, z: 0, w: 1}
  m_LocalPosition: {x: 0, y: 0, z: 0}
  m_LocalScale: {x: 1, y: 1, z: 1}
  m_Children: []
  m_Father: {fileID: 957888723}
  m_RootOrder: 1
  m_LocalEulerAnglesHint: {x: 0, y: 0, z: 0}
  m_AnchorMin: {x: 0.5, y: 0.5}
  m_AnchorMax: {x: 0.5, y: 0.5}
  m_AnchoredPosition: {x: -0.000006198883, y: 9}
  m_SizeDelta: {x: 826, y: 47.1}
  m_Pivot: {x: 0.5, y: 0.5}
--- !u!114 &1303701145
MonoBehaviour:
  m_ObjectHideFlags: 0
  m_CorrespondingSourceObject: {fileID: 0}
  m_PrefabInstance: {fileID: 0}
  m_PrefabAsset: {fileID: 0}
  m_GameObject: {fileID: 1303701143}
  m_Enabled: 1
  m_EditorHideFlags: 0
  m_Script: {fileID: 11500000, guid: 5f7201a12d95ffc409449d95f23cf332, type: 3}
  m_Name: 
  m_EditorClassIdentifier: 
  m_Material: {fileID: 0}
  m_Color: {r: 0.9339623, g: 0.9339623, b: 0.9339623, a: 1}
  m_RaycastTarget: 1
  m_OnCullStateChanged:
    m_PersistentCalls:
      m_Calls: []
  m_FontData:
    m_Font: {fileID: 10102, guid: 0000000000000000e000000000000000, type: 0}
    m_FontSize: 32
    m_FontStyle: 0
    m_BestFit: 0
    m_MinSize: 0
    m_MaxSize: 40
    m_Alignment: 4
    m_AlignByGeometry: 0
    m_RichText: 1
    m_HorizontalOverflow: 0
    m_VerticalOverflow: 0
    m_LineSpacing: 1
  m_Text: Your turn!
--- !u!222 &1303701146
CanvasRenderer:
  m_ObjectHideFlags: 0
  m_CorrespondingSourceObject: {fileID: 0}
  m_PrefabInstance: {fileID: 0}
  m_PrefabAsset: {fileID: 0}
  m_GameObject: {fileID: 1303701143}
  m_CullTransparentMesh: 0
--- !u!1001 &1581975496
PrefabInstance:
  m_ObjectHideFlags: 0
  serializedVersion: 2
  m_Modification:
    m_TransformParent: {fileID: 707890050}
    m_Modifications:
    - target: {fileID: 2550566425841183557, guid: b0330b5a8103249ffa58e1c5db14f122,
        type: 3}
      propertyPath: m_Name
      value: BackToLobbyBtn
      objectReference: {fileID: 0}
    - target: {fileID: 2550566425841183556, guid: b0330b5a8103249ffa58e1c5db14f122,
        type: 3}
      propertyPath: m_LocalPosition.x
      value: 0
      objectReference: {fileID: 0}
    - target: {fileID: 2550566425841183556, guid: b0330b5a8103249ffa58e1c5db14f122,
        type: 3}
      propertyPath: m_LocalPosition.y
      value: 0
      objectReference: {fileID: 0}
    - target: {fileID: 2550566425841183556, guid: b0330b5a8103249ffa58e1c5db14f122,
        type: 3}
      propertyPath: m_LocalPosition.z
      value: 0
      objectReference: {fileID: 0}
    - target: {fileID: 2550566425841183556, guid: b0330b5a8103249ffa58e1c5db14f122,
        type: 3}
      propertyPath: m_LocalRotation.x
      value: -0
      objectReference: {fileID: 0}
    - target: {fileID: 2550566425841183556, guid: b0330b5a8103249ffa58e1c5db14f122,
        type: 3}
      propertyPath: m_LocalRotation.y
      value: -0
      objectReference: {fileID: 0}
    - target: {fileID: 2550566425841183556, guid: b0330b5a8103249ffa58e1c5db14f122,
        type: 3}
      propertyPath: m_LocalRotation.z
      value: -0
      objectReference: {fileID: 0}
    - target: {fileID: 2550566425841183556, guid: b0330b5a8103249ffa58e1c5db14f122,
        type: 3}
      propertyPath: m_LocalRotation.w
      value: 1
      objectReference: {fileID: 0}
    - target: {fileID: 2550566425841183556, guid: b0330b5a8103249ffa58e1c5db14f122,
        type: 3}
      propertyPath: m_RootOrder
      value: 5
      objectReference: {fileID: 0}
    - target: {fileID: 2550566425841183556, guid: b0330b5a8103249ffa58e1c5db14f122,
        type: 3}
      propertyPath: m_LocalEulerAnglesHint.x
      value: 0
      objectReference: {fileID: 0}
    - target: {fileID: 2550566425841183556, guid: b0330b5a8103249ffa58e1c5db14f122,
        type: 3}
      propertyPath: m_LocalEulerAnglesHint.y
      value: 0
      objectReference: {fileID: 0}
    - target: {fileID: 2550566425841183556, guid: b0330b5a8103249ffa58e1c5db14f122,
        type: 3}
      propertyPath: m_LocalEulerAnglesHint.z
      value: 0
      objectReference: {fileID: 0}
    - target: {fileID: 2550566425841183556, guid: b0330b5a8103249ffa58e1c5db14f122,
        type: 3}
      propertyPath: m_AnchoredPosition.x
      value: 0
      objectReference: {fileID: 0}
    - target: {fileID: 2550566425841183556, guid: b0330b5a8103249ffa58e1c5db14f122,
        type: 3}
      propertyPath: m_AnchoredPosition.y
      value: -211
      objectReference: {fileID: 0}
    - target: {fileID: 2550566425841183556, guid: b0330b5a8103249ffa58e1c5db14f122,
        type: 3}
      propertyPath: m_SizeDelta.x
      value: 160
      objectReference: {fileID: 0}
    - target: {fileID: 2550566425841183556, guid: b0330b5a8103249ffa58e1c5db14f122,
        type: 3}
      propertyPath: m_SizeDelta.y
      value: 30
      objectReference: {fileID: 0}
    - target: {fileID: 2550566425841183556, guid: b0330b5a8103249ffa58e1c5db14f122,
        type: 3}
      propertyPath: m_AnchorMin.x
      value: 0.5
      objectReference: {fileID: 0}
    - target: {fileID: 2550566425841183556, guid: b0330b5a8103249ffa58e1c5db14f122,
        type: 3}
      propertyPath: m_AnchorMin.y
      value: 0.5
      objectReference: {fileID: 0}
    - target: {fileID: 2550566425841183556, guid: b0330b5a8103249ffa58e1c5db14f122,
        type: 3}
      propertyPath: m_AnchorMax.x
      value: 0.5
      objectReference: {fileID: 0}
    - target: {fileID: 2550566425841183556, guid: b0330b5a8103249ffa58e1c5db14f122,
        type: 3}
      propertyPath: m_AnchorMax.y
      value: 0.5
      objectReference: {fileID: 0}
    - target: {fileID: 2550566425841183556, guid: b0330b5a8103249ffa58e1c5db14f122,
        type: 3}
      propertyPath: m_Pivot.x
      value: 0.5
      objectReference: {fileID: 0}
    - target: {fileID: 2550566425841183556, guid: b0330b5a8103249ffa58e1c5db14f122,
        type: 3}
      propertyPath: m_Pivot.y
      value: 0.5
      objectReference: {fileID: 0}
    - target: {fileID: 2550566425841183559, guid: b0330b5a8103249ffa58e1c5db14f122,
        type: 3}
      propertyPath: m_OnClick.m_PersistentCalls.m_Calls.Array.data[0].m_Target
      value: 
      objectReference: {fileID: 438601447990009389}
    - target: {fileID: 2550566425841183559, guid: b0330b5a8103249ffa58e1c5db14f122,
        type: 3}
      propertyPath: m_OnClick.m_PersistentCalls.m_Calls.Array.data[0].m_MethodName
      value: LeaveRoom
      objectReference: {fileID: 0}
    - target: {fileID: 2550566426445837379, guid: b0330b5a8103249ffa58e1c5db14f122,
        type: 3}
      propertyPath: m_AnchoredPosition.y
      value: 1.5
      objectReference: {fileID: 0}
    - target: {fileID: 2550566426445837378, guid: b0330b5a8103249ffa58e1c5db14f122,
        type: 3}
      propertyPath: m_Text
      value: GO TO LOBBY
      objectReference: {fileID: 0}
    - target: {fileID: 2550566426445837378, guid: b0330b5a8103249ffa58e1c5db14f122,
        type: 3}
      propertyPath: m_FontData.m_FontStyle
      value: 1
      objectReference: {fileID: 0}
    m_RemovedComponents: []
  m_SourcePrefab: {fileID: 100100000, guid: b0330b5a8103249ffa58e1c5db14f122, type: 3}
--- !u!224 &1581975497 stripped
RectTransform:
  m_CorrespondingSourceObject: {fileID: 2550566425841183556, guid: b0330b5a8103249ffa58e1c5db14f122,
    type: 3}
  m_PrefabInstance: {fileID: 1581975496}
  m_PrefabAsset: {fileID: 0}
--- !u!114 &1581975498 stripped
MonoBehaviour:
  m_CorrespondingSourceObject: {fileID: 2550566425841183559, guid: b0330b5a8103249ffa58e1c5db14f122,
    type: 3}
  m_PrefabInstance: {fileID: 1581975496}
  m_PrefabAsset: {fileID: 0}
  m_GameObject: {fileID: 0}
  m_Enabled: 1
  m_EditorHideFlags: 0
  m_Script: {fileID: 11500000, guid: 4e29b1a8efbd4b44bb3f3716e73f07ff, type: 3}
  m_Name: 
  m_EditorClassIdentifier: 
--- !u!1001 &1654171595
PrefabInstance:
  m_ObjectHideFlags: 0
  serializedVersion: 2
  m_Modification:
    m_TransformParent: {fileID: 707890050}
    m_Modifications:
    - target: {fileID: 6087143981046991492, guid: 9600eca37a15a4b348837cbcddfdd332,
        type: 3}
      propertyPath: m_Name
      value: PlayerName
      objectReference: {fileID: 0}
    - target: {fileID: 6087143981046991492, guid: 9600eca37a15a4b348837cbcddfdd332,
        type: 3}
      propertyPath: m_Layer
      value: 5
      objectReference: {fileID: 0}
    - target: {fileID: 6087143981046991493, guid: 9600eca37a15a4b348837cbcddfdd332,
        type: 3}
      propertyPath: m_LocalPosition.x
      value: 0
      objectReference: {fileID: 0}
    - target: {fileID: 6087143981046991493, guid: 9600eca37a15a4b348837cbcddfdd332,
        type: 3}
      propertyPath: m_LocalPosition.y
      value: 0
      objectReference: {fileID: 0}
    - target: {fileID: 6087143981046991493, guid: 9600eca37a15a4b348837cbcddfdd332,
        type: 3}
      propertyPath: m_LocalPosition.z
      value: 0
      objectReference: {fileID: 0}
    - target: {fileID: 6087143981046991493, guid: 9600eca37a15a4b348837cbcddfdd332,
        type: 3}
      propertyPath: m_LocalRotation.x
      value: 0
      objectReference: {fileID: 0}
    - target: {fileID: 6087143981046991493, guid: 9600eca37a15a4b348837cbcddfdd332,
        type: 3}
      propertyPath: m_LocalRotation.y
      value: 0
      objectReference: {fileID: 0}
    - target: {fileID: 6087143981046991493, guid: 9600eca37a15a4b348837cbcddfdd332,
        type: 3}
      propertyPath: m_LocalRotation.z
      value: 0
      objectReference: {fileID: 0}
    - target: {fileID: 6087143981046991493, guid: 9600eca37a15a4b348837cbcddfdd332,
        type: 3}
      propertyPath: m_LocalRotation.w
      value: 1
      objectReference: {fileID: 0}
    - target: {fileID: 6087143981046991493, guid: 9600eca37a15a4b348837cbcddfdd332,
        type: 3}
      propertyPath: m_RootOrder
      value: 4
      objectReference: {fileID: 0}
    - target: {fileID: 6087143981046991493, guid: 9600eca37a15a4b348837cbcddfdd332,
        type: 3}
      propertyPath: m_LocalEulerAnglesHint.x
      value: 0
      objectReference: {fileID: 0}
    - target: {fileID: 6087143981046991493, guid: 9600eca37a15a4b348837cbcddfdd332,
        type: 3}
      propertyPath: m_LocalEulerAnglesHint.y
      value: 0
      objectReference: {fileID: 0}
    - target: {fileID: 6087143981046991493, guid: 9600eca37a15a4b348837cbcddfdd332,
        type: 3}
      propertyPath: m_LocalEulerAnglesHint.z
      value: 0
      objectReference: {fileID: 0}
    - target: {fileID: 6087143981046991493, guid: 9600eca37a15a4b348837cbcddfdd332,
        type: 3}
      propertyPath: m_AnchoredPosition.x
      value: -103
      objectReference: {fileID: 0}
    - target: {fileID: 6087143981046991493, guid: 9600eca37a15a4b348837cbcddfdd332,
        type: 3}
      propertyPath: m_AnchoredPosition.y
      value: 53
      objectReference: {fileID: 0}
    - target: {fileID: 6087143981046991493, guid: 9600eca37a15a4b348837cbcddfdd332,
        type: 3}
      propertyPath: m_SizeDelta.x
      value: 160
      objectReference: {fileID: 0}
    - target: {fileID: 6087143981046991493, guid: 9600eca37a15a4b348837cbcddfdd332,
        type: 3}
      propertyPath: m_SizeDelta.y
      value: 30
      objectReference: {fileID: 0}
    - target: {fileID: 6087143981046991493, guid: 9600eca37a15a4b348837cbcddfdd332,
        type: 3}
      propertyPath: m_AnchorMin.x
      value: 1
      objectReference: {fileID: 0}
    - target: {fileID: 6087143981046991493, guid: 9600eca37a15a4b348837cbcddfdd332,
        type: 3}
      propertyPath: m_AnchorMin.y
      value: 0
      objectReference: {fileID: 0}
    - target: {fileID: 6087143981046991493, guid: 9600eca37a15a4b348837cbcddfdd332,
        type: 3}
      propertyPath: m_AnchorMax.x
      value: 1
      objectReference: {fileID: 0}
    - target: {fileID: 6087143981046991493, guid: 9600eca37a15a4b348837cbcddfdd332,
        type: 3}
      propertyPath: m_AnchorMax.y
      value: 0
      objectReference: {fileID: 0}
    - target: {fileID: 6087143981046991493, guid: 9600eca37a15a4b348837cbcddfdd332,
        type: 3}
      propertyPath: m_Pivot.x
      value: 0.5
      objectReference: {fileID: 0}
    - target: {fileID: 6087143981046991493, guid: 9600eca37a15a4b348837cbcddfdd332,
        type: 3}
      propertyPath: m_Pivot.y
      value: 0.5
      objectReference: {fileID: 0}
    m_RemovedComponents: []
  m_SourcePrefab: {fileID: 100100000, guid: 9600eca37a15a4b348837cbcddfdd332, type: 3}
--- !u!224 &1654171596 stripped
RectTransform:
  m_CorrespondingSourceObject: {fileID: 6087143981046991493, guid: 9600eca37a15a4b348837cbcddfdd332,
    type: 3}
  m_PrefabInstance: {fileID: 1654171595}
  m_PrefabAsset: {fileID: 0}
--- !u!114 &1654171597 stripped
MonoBehaviour:
  m_CorrespondingSourceObject: {fileID: 6087143981046991514, guid: 9600eca37a15a4b348837cbcddfdd332,
    type: 3}
  m_PrefabInstance: {fileID: 1654171595}
  m_PrefabAsset: {fileID: 0}
  m_GameObject: {fileID: 0}
  m_Enabled: 1
  m_EditorHideFlags: 0
  m_Script: {fileID: 11500000, guid: 5f7201a12d95ffc409449d95f23cf332, type: 3}
  m_Name: 
  m_EditorClassIdentifier: 
--- !u!1 &1895162042
GameObject:
  m_ObjectHideFlags: 0
  m_CorrespondingSourceObject: {fileID: 0}
  m_PrefabInstance: {fileID: 0}
  m_PrefabAsset: {fileID: 0}
  serializedVersion: 6
  m_Component:
  - component: {fileID: 1895162046}
  - component: {fileID: 1895162045}
  - component: {fileID: 1895162044}
  - component: {fileID: 1895162043}
  m_Layer: 0
  m_Name: Ground
  m_TagString: Untagged
  m_Icon: {fileID: 0}
  m_NavMeshLayer: 0
  m_StaticEditorFlags: 4294967295
  m_IsActive: 1
--- !u!64 &1895162043
MeshCollider:
  m_ObjectHideFlags: 0
  m_CorrespondingSourceObject: {fileID: 0}
  m_PrefabInstance: {fileID: 0}
  m_PrefabAsset: {fileID: 0}
  m_GameObject: {fileID: 1895162042}
  m_Material: {fileID: 0}
  m_IsTrigger: 0
  m_Enabled: 1
  serializedVersion: 3
  m_Convex: 0
  m_CookingOptions: 14
  m_Mesh: {fileID: 10210, guid: 0000000000000000e000000000000000, type: 0}
--- !u!23 &1895162044
MeshRenderer:
  m_ObjectHideFlags: 0
  m_CorrespondingSourceObject: {fileID: 0}
  m_PrefabInstance: {fileID: 0}
  m_PrefabAsset: {fileID: 0}
  m_GameObject: {fileID: 1895162042}
  m_Enabled: 1
  m_CastShadows: 1
  m_ReceiveShadows: 1
  m_DynamicOccludee: 1
  m_MotionVectors: 1
  m_LightProbeUsage: 1
  m_ReflectionProbeUsage: 1
  m_RenderingLayerMask: 1
  m_RendererPriority: 0
  m_Materials:
  - {fileID: 2100000, guid: 2e904b9c9dede44ac98321ccd4603530, type: 2}
  m_StaticBatchInfo:
    firstSubMesh: 0
    subMeshCount: 0
  m_StaticBatchRoot: {fileID: 0}
  m_ProbeAnchor: {fileID: 0}
  m_LightProbeVolumeOverride: {fileID: 0}
  m_ScaleInLightmap: 1
  m_ReceiveGI: 1
  m_PreserveUVs: 0
  m_IgnoreNormalsForChartDetection: 0
  m_ImportantGI: 0
  m_StitchLightmapSeams: 1
  m_SelectedEditorRenderState: 3
  m_MinimumChartSize: 4
  m_AutoUVMaxDistance: 0.5
  m_AutoUVMaxAngle: 89
  m_LightmapParameters: {fileID: 0}
  m_SortingLayerID: 0
  m_SortingLayer: 0
  m_SortingOrder: 0
--- !u!33 &1895162045
MeshFilter:
  m_ObjectHideFlags: 0
  m_CorrespondingSourceObject: {fileID: 0}
  m_PrefabInstance: {fileID: 0}
  m_PrefabAsset: {fileID: 0}
  m_GameObject: {fileID: 1895162042}
  m_Mesh: {fileID: 10210, guid: 0000000000000000e000000000000000, type: 0}
--- !u!4 &1895162046
Transform:
  m_ObjectHideFlags: 0
  m_CorrespondingSourceObject: {fileID: 0}
  m_PrefabInstance: {fileID: 0}
  m_PrefabAsset: {fileID: 0}
  m_GameObject: {fileID: 1895162042}
  m_LocalRotation: {x: -0, y: -0, z: -0, w: 1}
  m_LocalPosition: {x: 0.000061035156, y: 0, z: 0}
  m_LocalScale: {x: 7, y: 3.9201188, z: 2.05}
  m_Children: []
  m_Father: {fileID: 0}
  m_RootOrder: 4
  m_LocalEulerAnglesHint: {x: 0, y: 0, z: 0}
--- !u!224 &1897408700 stripped
RectTransform:
  m_CorrespondingSourceObject: {fileID: 3604890259686627250, guid: 89d3ce5f3728840f08fef5fadf8c0f99,
    type: 3}
  m_PrefabInstance: {fileID: 3604890257825939214}
  m_PrefabAsset: {fileID: 0}
--- !u!1 &1898034824
GameObject:
  m_ObjectHideFlags: 0
  m_CorrespondingSourceObject: {fileID: 0}
  m_PrefabInstance: {fileID: 0}
  m_PrefabAsset: {fileID: 0}
  serializedVersion: 6
  m_Component:
  - component: {fileID: 1898034827}
  - component: {fileID: 1898034826}
  - component: {fileID: 1898034825}
  m_Layer: 0
  m_Name: EventSystem
  m_TagString: Untagged
  m_Icon: {fileID: 0}
  m_NavMeshLayer: 0
  m_StaticEditorFlags: 0
  m_IsActive: 1
--- !u!114 &1898034825
MonoBehaviour:
  m_ObjectHideFlags: 0
  m_CorrespondingSourceObject: {fileID: 0}
  m_PrefabInstance: {fileID: 0}
  m_PrefabAsset: {fileID: 0}
  m_GameObject: {fileID: 1898034824}
  m_Enabled: 1
  m_EditorHideFlags: 0
  m_Script: {fileID: 11500000, guid: 4f231c4fb786f3946a6b90b886c48677, type: 3}
  m_Name: 
  m_EditorClassIdentifier: 
  m_HorizontalAxis: Horizontal
  m_VerticalAxis: Vertical
  m_SubmitButton: Submit
  m_CancelButton: Cancel
  m_InputActionsPerSecond: 10
  m_RepeatDelay: 0.5
  m_ForceModuleActive: 0
--- !u!114 &1898034826
MonoBehaviour:
  m_ObjectHideFlags: 0
  m_CorrespondingSourceObject: {fileID: 0}
  m_PrefabInstance: {fileID: 0}
  m_PrefabAsset: {fileID: 0}
  m_GameObject: {fileID: 1898034824}
  m_Enabled: 1
  m_EditorHideFlags: 0
  m_Script: {fileID: 11500000, guid: 76c392e42b5098c458856cdf6ecaaaa1, type: 3}
  m_Name: 
  m_EditorClassIdentifier: 
  m_FirstSelected: {fileID: 0}
  m_sendNavigationEvents: 1
  m_DragThreshold: 10
--- !u!4 &1898034827
Transform:
  m_ObjectHideFlags: 0
  m_CorrespondingSourceObject: {fileID: 0}
  m_PrefabInstance: {fileID: 0}
  m_PrefabAsset: {fileID: 0}
  m_GameObject: {fileID: 1898034824}
  m_LocalRotation: {x: 0, y: 0, z: 0, w: 1}
  m_LocalPosition: {x: 0, y: 0, z: 0}
  m_LocalScale: {x: 1, y: 1, z: 1}
  m_Children: []
  m_Father: {fileID: 0}
  m_RootOrder: 2
  m_LocalEulerAnglesHint: {x: 0, y: 0, z: 0}
--- !u!1001 &438601447990009388
PrefabInstance:
  m_ObjectHideFlags: 0
  serializedVersion: 2
  m_Modification:
    m_TransformParent: {fileID: 0}
    m_Modifications:
    - target: {fileID: 438601447806491417, guid: 6b6afbfb1310d41708aafcf90580cc28,
        type: 3}
      propertyPath: m_Name
      value: GameManager
      objectReference: {fileID: 0}
    - target: {fileID: 438601447806491418, guid: 6b6afbfb1310d41708aafcf90580cc28,
        type: 3}
      propertyPath: m_LocalPosition.x
      value: 0
      objectReference: {fileID: 0}
    - target: {fileID: 438601447806491418, guid: 6b6afbfb1310d41708aafcf90580cc28,
        type: 3}
      propertyPath: m_LocalPosition.y
      value: 0
      objectReference: {fileID: 0}
    - target: {fileID: 438601447806491418, guid: 6b6afbfb1310d41708aafcf90580cc28,
        type: 3}
      propertyPath: m_LocalPosition.z
      value: 0
      objectReference: {fileID: 0}
    - target: {fileID: 438601447806491418, guid: 6b6afbfb1310d41708aafcf90580cc28,
        type: 3}
      propertyPath: m_LocalRotation.x
      value: 0
      objectReference: {fileID: 0}
    - target: {fileID: 438601447806491418, guid: 6b6afbfb1310d41708aafcf90580cc28,
        type: 3}
      propertyPath: m_LocalRotation.y
      value: 0
      objectReference: {fileID: 0}
    - target: {fileID: 438601447806491418, guid: 6b6afbfb1310d41708aafcf90580cc28,
        type: 3}
      propertyPath: m_LocalRotation.z
      value: 0
      objectReference: {fileID: 0}
    - target: {fileID: 438601447806491418, guid: 6b6afbfb1310d41708aafcf90580cc28,
        type: 3}
      propertyPath: m_LocalRotation.w
      value: 1
      objectReference: {fileID: 0}
    - target: {fileID: 438601447806491418, guid: 6b6afbfb1310d41708aafcf90580cc28,
        type: 3}
      propertyPath: m_RootOrder
      value: 3
      objectReference: {fileID: 0}
    - target: {fileID: 438601447806491418, guid: 6b6afbfb1310d41708aafcf90580cc28,
        type: 3}
      propertyPath: m_LocalEulerAnglesHint.x
      value: 0
      objectReference: {fileID: 0}
    - target: {fileID: 438601447806491418, guid: 6b6afbfb1310d41708aafcf90580cc28,
        type: 3}
      propertyPath: m_LocalEulerAnglesHint.y
      value: 0
      objectReference: {fileID: 0}
    - target: {fileID: 438601447806491418, guid: 6b6afbfb1310d41708aafcf90580cc28,
        type: 3}
      propertyPath: m_LocalEulerAnglesHint.z
      value: 0
      objectReference: {fileID: 0}
    - target: {fileID: 1254483951120993533, guid: 6b6afbfb1310d41708aafcf90580cc28,
        type: 3}
      propertyPath: heroes.Array.size
      value: 16
      objectReference: {fileID: 0}
    - target: {fileID: 1254483951120993533, guid: 6b6afbfb1310d41708aafcf90580cc28,
        type: 3}
      propertyPath: heroes.Array.data[0]
      value: 
      objectReference: {fileID: 11400000, guid: 3c21f1faf33d7405a8eadac2c5bd23a4,
        type: 2}
    - target: {fileID: 1254483951120993533, guid: 6b6afbfb1310d41708aafcf90580cc28,
        type: 3}
      propertyPath: heroes.Array.data[1]
      value: 
      objectReference: {fileID: 11400000, guid: c7a41e175585f4559a9f8344d0e703be,
        type: 2}
    - target: {fileID: 1254483951120993533, guid: 6b6afbfb1310d41708aafcf90580cc28,
        type: 3}
      propertyPath: heroes.Array.data[2]
      value: 
      objectReference: {fileID: 11400000, guid: 7dabb2cade2c244169d19ef1da59bc63,
        type: 2}
    - target: {fileID: 1254483951120993533, guid: 6b6afbfb1310d41708aafcf90580cc28,
        type: 3}
      propertyPath: heroes.Array.data[3]
      value: 
      objectReference: {fileID: 11400000, guid: 621d54053e1694b508bebcb95357f09c,
        type: 2}
    - target: {fileID: 1254483951120993533, guid: 6b6afbfb1310d41708aafcf90580cc28,
        type: 3}
      propertyPath: heroes.Array.data[4]
      value: 
      objectReference: {fileID: 11400000, guid: 6d9bce999772243d6be41360b98b2d5a,
        type: 2}
    - target: {fileID: 1254483951120993533, guid: 6b6afbfb1310d41708aafcf90580cc28,
        type: 3}
      propertyPath: heroes.Array.data[5]
      value: 
      objectReference: {fileID: 11400000, guid: 3468eccb8525049cd912e3d478db4a4e,
        type: 2}
    - target: {fileID: 1254483951120993533, guid: 6b6afbfb1310d41708aafcf90580cc28,
        type: 3}
      propertyPath: heroes.Array.data[6]
      value: 
      objectReference: {fileID: 11400000, guid: 675c687f924a94065b53de4f542b9116,
        type: 2}
    - target: {fileID: 1254483951120993533, guid: 6b6afbfb1310d41708aafcf90580cc28,
        type: 3}
      propertyPath: heroes.Array.data[7]
      value: 
      objectReference: {fileID: 11400000, guid: cf3ab649b8f4f41218ec50806bbb840d,
        type: 2}
    - target: {fileID: 1254483951120993533, guid: 6b6afbfb1310d41708aafcf90580cc28,
        type: 3}
      propertyPath: heroes.Array.data[8]
      value: 
      objectReference: {fileID: 11400000, guid: 830d85cca9da54bac9f5cf16a210a4c2,
        type: 2}
    - target: {fileID: 1254483951120993533, guid: 6b6afbfb1310d41708aafcf90580cc28,
        type: 3}
      propertyPath: heroes.Array.data[9]
      value: 
      objectReference: {fileID: 11400000, guid: 16e8e9df0b0a0443d9307d06b5176715,
        type: 2}
    - target: {fileID: 1254483951120993533, guid: 6b6afbfb1310d41708aafcf90580cc28,
        type: 3}
      propertyPath: heroes.Array.data[10]
      value: 
      objectReference: {fileID: 11400000, guid: 5235658c04ef04f56957c05a353aa4d5,
        type: 2}
    - target: {fileID: 1254483951120993533, guid: 6b6afbfb1310d41708aafcf90580cc28,
        type: 3}
      propertyPath: heroes.Array.data[11]
      value: 
      objectReference: {fileID: 11400000, guid: ff4e25a8d878144c29d8975ff64696c6,
        type: 2}
    - target: {fileID: 1254483951120993533, guid: 6b6afbfb1310d41708aafcf90580cc28,
        type: 3}
      propertyPath: heroes.Array.data[12]
      value: 
      objectReference: {fileID: 11400000, guid: f89e07b26ca694688874782e840834e9,
        type: 2}
    - target: {fileID: 1254483951120993533, guid: 6b6afbfb1310d41708aafcf90580cc28,
        type: 3}
      propertyPath: heroes.Array.data[13]
      value: 
      objectReference: {fileID: 11400000, guid: fe431f64427b44f758c6049f4f751941,
        type: 2}
    - target: {fileID: 1254483951120993533, guid: 6b6afbfb1310d41708aafcf90580cc28,
        type: 3}
      propertyPath: heroes.Array.data[14]
      value: 
      objectReference: {fileID: 11400000, guid: 1dd340f0c4b1b46a1a7f4ea47be039ee,
        type: 2}
    - target: {fileID: 1254483951120993533, guid: 6b6afbfb1310d41708aafcf90580cc28,
        type: 3}
      propertyPath: heroes.Array.data[15]
      value: 
      objectReference: {fileID: 11400000, guid: 467c8e4fd0aef43d28e50552c68aca88,
        type: 2}
    - target: {fileID: 1254483951120993533, guid: 6b6afbfb1310d41708aafcf90580cc28,
        type: 3}
      propertyPath: playerHand
      value: 
      objectReference: {fileID: 0}
    - target: {fileID: 1254483951120993533, guid: 6b6afbfb1310d41708aafcf90580cc28,
        type: 3}
      propertyPath: cardPrefab
      value: 
      objectReference: {fileID: 6014154406711362046, guid: 93e37b298c5354b3787c0e1895463dc5,
        type: 3}
    - target: {fileID: 1254483951120993533, guid: 6b6afbfb1310d41708aafcf90580cc28,
        type: 3}
      propertyPath: playerPrefab
      value: 
      objectReference: {fileID: 663562273337326703, guid: 546cd53fa13c6417cbc0e9a4982a3a1b,
        type: 3}
    - target: {fileID: 1254483951120993533, guid: 6b6afbfb1310d41708aafcf90580cc28,
        type: 3}
      propertyPath: canvas
      value: 
      objectReference: {fileID: 519692703}
    - target: {fileID: 1254483951120993533, guid: 6b6afbfb1310d41708aafcf90580cc28,
        type: 3}
      propertyPath: gameboardPrefab
      value: 
      objectReference: {fileID: 8621020874473891759, guid: adbc930cab8754bd28eec202d793b451,
        type: 3}
    - target: {fileID: 1254483951120993533, guid: 6b6afbfb1310d41708aafcf90580cc28,
        type: 3}
      propertyPath: gameBoardPrefab
      value: 
      objectReference: {fileID: 8621020874473891757, guid: adbc930cab8754bd28eec202d793b451,
        type: 3}
    - target: {fileID: 1254483951120993533, guid: 6b6afbfb1310d41708aafcf90580cc28,
        type: 3}
      propertyPath: hud
      value: 
      objectReference: {fileID: 707890051}
    m_RemovedComponents: []
  m_SourcePrefab: {fileID: 100100000, guid: 6b6afbfb1310d41708aafcf90580cc28, type: 3}
--- !u!114 &438601447990009389 stripped
MonoBehaviour:
  m_CorrespondingSourceObject: {fileID: 1254483951120993533, guid: 6b6afbfb1310d41708aafcf90580cc28,
    type: 3}
  m_PrefabInstance: {fileID: 438601447990009388}
  m_PrefabAsset: {fileID: 0}
  m_GameObject: {fileID: 0}
  m_Enabled: 1
  m_EditorHideFlags: 0
  m_Script: {fileID: 11500000, guid: 176ef2b6f7bc84091b63ba9a8938c897, type: 3}
  m_Name: 
  m_EditorClassIdentifier: 
--- !u!1001 &639116245458923436
PrefabInstance:
  m_ObjectHideFlags: 0
  serializedVersion: 2
  m_Modification:
    m_TransformParent: {fileID: 707890050}
    m_Modifications:
    - target: {fileID: 639116245541149375, guid: b5a6c614ac1f9401e8f297fa010cde23,
        type: 3}
      propertyPath: m_Name
      value: LeaveButton
      objectReference: {fileID: 0}
    - target: {fileID: 639116245541149375, guid: b5a6c614ac1f9401e8f297fa010cde23,
        type: 3}
      propertyPath: m_Layer
      value: 5
      objectReference: {fileID: 0}
    - target: {fileID: 639116245541149368, guid: b5a6c614ac1f9401e8f297fa010cde23,
        type: 3}
      propertyPath: m_LocalPosition.x
      value: 0
      objectReference: {fileID: 0}
    - target: {fileID: 639116245541149368, guid: b5a6c614ac1f9401e8f297fa010cde23,
        type: 3}
      propertyPath: m_LocalPosition.y
      value: 0
      objectReference: {fileID: 0}
    - target: {fileID: 639116245541149368, guid: b5a6c614ac1f9401e8f297fa010cde23,
        type: 3}
      propertyPath: m_LocalPosition.z
      value: 0
      objectReference: {fileID: 0}
    - target: {fileID: 639116245541149368, guid: b5a6c614ac1f9401e8f297fa010cde23,
        type: 3}
      propertyPath: m_LocalRotation.x
      value: 0
      objectReference: {fileID: 0}
    - target: {fileID: 639116245541149368, guid: b5a6c614ac1f9401e8f297fa010cde23,
        type: 3}
      propertyPath: m_LocalRotation.y
      value: 0
      objectReference: {fileID: 0}
    - target: {fileID: 639116245541149368, guid: b5a6c614ac1f9401e8f297fa010cde23,
        type: 3}
      propertyPath: m_LocalRotation.z
      value: 0
      objectReference: {fileID: 0}
    - target: {fileID: 639116245541149368, guid: b5a6c614ac1f9401e8f297fa010cde23,
        type: 3}
      propertyPath: m_LocalRotation.w
      value: 1
      objectReference: {fileID: 0}
    - target: {fileID: 639116245541149368, guid: b5a6c614ac1f9401e8f297fa010cde23,
        type: 3}
      propertyPath: m_RootOrder
      value: 0
      objectReference: {fileID: 0}
    - target: {fileID: 639116245541149368, guid: b5a6c614ac1f9401e8f297fa010cde23,
        type: 3}
      propertyPath: m_LocalEulerAnglesHint.x
      value: 0
      objectReference: {fileID: 0}
    - target: {fileID: 639116245541149368, guid: b5a6c614ac1f9401e8f297fa010cde23,
        type: 3}
      propertyPath: m_LocalEulerAnglesHint.y
      value: 0
      objectReference: {fileID: 0}
    - target: {fileID: 639116245541149368, guid: b5a6c614ac1f9401e8f297fa010cde23,
        type: 3}
      propertyPath: m_LocalEulerAnglesHint.z
      value: 0
      objectReference: {fileID: 0}
    - target: {fileID: 639116245541149368, guid: b5a6c614ac1f9401e8f297fa010cde23,
        type: 3}
      propertyPath: m_AnchoredPosition.x
      value: 0
      objectReference: {fileID: 0}
    - target: {fileID: 639116245541149368, guid: b5a6c614ac1f9401e8f297fa010cde23,
        type: 3}
      propertyPath: m_AnchoredPosition.y
      value: 0
      objectReference: {fileID: 0}
    - target: {fileID: 639116245541149368, guid: b5a6c614ac1f9401e8f297fa010cde23,
        type: 3}
      propertyPath: m_SizeDelta.x
      value: 160
      objectReference: {fileID: 0}
    - target: {fileID: 639116245541149368, guid: b5a6c614ac1f9401e8f297fa010cde23,
        type: 3}
      propertyPath: m_SizeDelta.y
      value: 30
      objectReference: {fileID: 0}
    - target: {fileID: 639116245541149368, guid: b5a6c614ac1f9401e8f297fa010cde23,
        type: 3}
      propertyPath: m_AnchorMin.x
      value: 1
      objectReference: {fileID: 0}
    - target: {fileID: 639116245541149368, guid: b5a6c614ac1f9401e8f297fa010cde23,
        type: 3}
      propertyPath: m_AnchorMin.y
      value: 1
      objectReference: {fileID: 0}
    - target: {fileID: 639116245541149368, guid: b5a6c614ac1f9401e8f297fa010cde23,
        type: 3}
      propertyPath: m_AnchorMax.x
      value: 1
      objectReference: {fileID: 0}
    - target: {fileID: 639116245541149368, guid: b5a6c614ac1f9401e8f297fa010cde23,
        type: 3}
      propertyPath: m_AnchorMax.y
      value: 1
      objectReference: {fileID: 0}
    - target: {fileID: 639116245541149368, guid: b5a6c614ac1f9401e8f297fa010cde23,
        type: 3}
      propertyPath: m_Pivot.x
      value: 1
      objectReference: {fileID: 0}
    - target: {fileID: 639116245541149368, guid: b5a6c614ac1f9401e8f297fa010cde23,
        type: 3}
      propertyPath: m_Pivot.y
      value: 1
      objectReference: {fileID: 0}
    - target: {fileID: 639116245541149369, guid: b5a6c614ac1f9401e8f297fa010cde23,
        type: 3}
      propertyPath: m_OnClick.m_PersistentCalls.m_Calls.Array.data[0].m_Target
      value: 
      objectReference: {fileID: 438601447990009389}
    - target: {fileID: 639116245541149370, guid: b5a6c614ac1f9401e8f297fa010cde23,
        type: 3}
      propertyPath: m_Enabled
      value: 1
      objectReference: {fileID: 0}
    - target: {fileID: 639116245541149370, guid: b5a6c614ac1f9401e8f297fa010cde23,
        type: 3}
      propertyPath: m_Sprite
      value: 
      objectReference: {fileID: 21300000, guid: f7bef494a6d144d9c9f79a3ef5315856,
        type: 3}
    - target: {fileID: 639116245541149370, guid: b5a6c614ac1f9401e8f297fa010cde23,
        type: 3}
      propertyPath: m_Type
      value: 0
      objectReference: {fileID: 0}
    - target: {fileID: 639116244970872964, guid: b5a6c614ac1f9401e8f297fa010cde23,
        type: 3}
      propertyPath: m_Color.r
      value: 1
      objectReference: {fileID: 0}
    - target: {fileID: 639116244970872964, guid: b5a6c614ac1f9401e8f297fa010cde23,
        type: 3}
      propertyPath: m_Color.g
      value: 1
      objectReference: {fileID: 0}
    - target: {fileID: 639116244970872964, guid: b5a6c614ac1f9401e8f297fa010cde23,
        type: 3}
      propertyPath: m_Color.b
      value: 1
      objectReference: {fileID: 0}
    - target: {fileID: 639116244970872964, guid: b5a6c614ac1f9401e8f297fa010cde23,
        type: 3}
      propertyPath: m_FontData.m_FontStyle
      value: 1
      objectReference: {fileID: 0}
    - target: {fileID: 639116244970872971, guid: b5a6c614ac1f9401e8f297fa010cde23,
        type: 3}
      propertyPath: m_AnchoredPosition.y
      value: 4.4
      objectReference: {fileID: 0}
    - target: {fileID: 639116244970872970, guid: b5a6c614ac1f9401e8f297fa010cde23,
        type: 3}
      propertyPath: m_Layer
      value: 5
      objectReference: {fileID: 0}
    m_RemovedComponents: []
  m_SourcePrefab: {fileID: 100100000, guid: b5a6c614ac1f9401e8f297fa010cde23, type: 3}
--- !u!114 &639116245458923437 stripped
MonoBehaviour:
  m_CorrespondingSourceObject: {fileID: 639116245541149369, guid: b5a6c614ac1f9401e8f297fa010cde23,
    type: 3}
  m_PrefabInstance: {fileID: 639116245458923436}
  m_PrefabAsset: {fileID: 0}
  m_GameObject: {fileID: 0}
  m_Enabled: 1
  m_EditorHideFlags: 0
  m_Script: {fileID: 11500000, guid: 4e29b1a8efbd4b44bb3f3716e73f07ff, type: 3}
  m_Name: 
  m_EditorClassIdentifier: 
--- !u!1001 &3604890257825939214
PrefabInstance:
  m_ObjectHideFlags: 0
  serializedVersion: 2
  m_Modification:
    m_TransformParent: {fileID: 707890050}
    m_Modifications:
    - target: {fileID: 3604890259686627253, guid: 89d3ce5f3728840f08fef5fadf8c0f99,
        type: 3}
      propertyPath: m_Name
      value: CardPile
      objectReference: {fileID: 0}
    - target: {fileID: 3604890259686627253, guid: 89d3ce5f3728840f08fef5fadf8c0f99,
        type: 3}
      propertyPath: m_Layer
      value: 5
      objectReference: {fileID: 0}
    - target: {fileID: 3604890259686627250, guid: 89d3ce5f3728840f08fef5fadf8c0f99,
        type: 3}
      propertyPath: m_LocalPosition.x
      value: 0
      objectReference: {fileID: 0}
    - target: {fileID: 3604890259686627250, guid: 89d3ce5f3728840f08fef5fadf8c0f99,
        type: 3}
      propertyPath: m_LocalPosition.y
      value: 0
      objectReference: {fileID: 0}
    - target: {fileID: 3604890259686627250, guid: 89d3ce5f3728840f08fef5fadf8c0f99,
        type: 3}
      propertyPath: m_LocalPosition.z
      value: 0
      objectReference: {fileID: 0}
    - target: {fileID: 3604890259686627250, guid: 89d3ce5f3728840f08fef5fadf8c0f99,
        type: 3}
      propertyPath: m_LocalRotation.x
      value: -0
      objectReference: {fileID: 0}
    - target: {fileID: 3604890259686627250, guid: 89d3ce5f3728840f08fef5fadf8c0f99,
        type: 3}
      propertyPath: m_LocalRotation.y
      value: -0
      objectReference: {fileID: 0}
    - target: {fileID: 3604890259686627250, guid: 89d3ce5f3728840f08fef5fadf8c0f99,
        type: 3}
      propertyPath: m_LocalRotation.z
      value: -0
      objectReference: {fileID: 0}
    - target: {fileID: 3604890259686627250, guid: 89d3ce5f3728840f08fef5fadf8c0f99,
        type: 3}
      propertyPath: m_LocalRotation.w
      value: 1
      objectReference: {fileID: 0}
    - target: {fileID: 3604890259686627250, guid: 89d3ce5f3728840f08fef5fadf8c0f99,
        type: 3}
      propertyPath: m_RootOrder
      value: 3
      objectReference: {fileID: 0}
    - target: {fileID: 3604890259686627250, guid: 89d3ce5f3728840f08fef5fadf8c0f99,
        type: 3}
      propertyPath: m_LocalEulerAnglesHint.x
      value: 0
      objectReference: {fileID: 0}
    - target: {fileID: 3604890259686627250, guid: 89d3ce5f3728840f08fef5fadf8c0f99,
        type: 3}
      propertyPath: m_LocalEulerAnglesHint.y
      value: 0
      objectReference: {fileID: 0}
    - target: {fileID: 3604890259686627250, guid: 89d3ce5f3728840f08fef5fadf8c0f99,
        type: 3}
      propertyPath: m_LocalEulerAnglesHint.z
      value: 0
      objectReference: {fileID: 0}
    - target: {fileID: 3604890259686627250, guid: 89d3ce5f3728840f08fef5fadf8c0f99,
        type: 3}
      propertyPath: m_AnchoredPosition.x
      value: -30
      objectReference: {fileID: 0}
    - target: {fileID: 3604890259686627250, guid: 89d3ce5f3728840f08fef5fadf8c0f99,
        type: 3}
      propertyPath: m_AnchoredPosition.y
      value: 106
      objectReference: {fileID: 0}
    - target: {fileID: 3604890259686627250, guid: 89d3ce5f3728840f08fef5fadf8c0f99,
        type: 3}
      propertyPath: m_SizeDelta.x
      value: 100
      objectReference: {fileID: 0}
    - target: {fileID: 3604890259686627250, guid: 89d3ce5f3728840f08fef5fadf8c0f99,
        type: 3}
      propertyPath: m_SizeDelta.y
      value: 100
      objectReference: {fileID: 0}
    - target: {fileID: 3604890259686627250, guid: 89d3ce5f3728840f08fef5fadf8c0f99,
        type: 3}
      propertyPath: m_AnchorMin.x
      value: 1
      objectReference: {fileID: 0}
    - target: {fileID: 3604890259686627250, guid: 89d3ce5f3728840f08fef5fadf8c0f99,
        type: 3}
      propertyPath: m_AnchorMin.y
      value: 0
      objectReference: {fileID: 0}
    - target: {fileID: 3604890259686627250, guid: 89d3ce5f3728840f08fef5fadf8c0f99,
        type: 3}
      propertyPath: m_AnchorMax.x
      value: 1
      objectReference: {fileID: 0}
    - target: {fileID: 3604890259686627250, guid: 89d3ce5f3728840f08fef5fadf8c0f99,
        type: 3}
      propertyPath: m_AnchorMax.y
      value: 0
      objectReference: {fileID: 0}
    - target: {fileID: 3604890259686627250, guid: 89d3ce5f3728840f08fef5fadf8c0f99,
        type: 3}
      propertyPath: m_Pivot.x
      value: 1
      objectReference: {fileID: 0}
    - target: {fileID: 3604890259686627250, guid: 89d3ce5f3728840f08fef5fadf8c0f99,
        type: 3}
      propertyPath: m_Pivot.y
      value: 0
      objectReference: {fileID: 0}
    - target: {fileID: 3604890259686627250, guid: 89d3ce5f3728840f08fef5fadf8c0f99,
        type: 3}
      propertyPath: m_LocalScale.x
      value: 0.36739412
      objectReference: {fileID: 0}
    - target: {fileID: 3604890259686627250, guid: 89d3ce5f3728840f08fef5fadf8c0f99,
        type: 3}
      propertyPath: m_LocalScale.y
      value: 0.36739412
      objectReference: {fileID: 0}
    - target: {fileID: 3604890258019340419, guid: 89d3ce5f3728840f08fef5fadf8c0f99,
        type: 3}
      propertyPath: m_Layer
      value: 5
      objectReference: {fileID: 0}
    - target: {fileID: 3604890258082593919, guid: 89d3ce5f3728840f08fef5fadf8c0f99,
        type: 3}
      propertyPath: m_Layer
      value: 5
      objectReference: {fileID: 0}
    - target: {fileID: 3604890259085833678, guid: 89d3ce5f3728840f08fef5fadf8c0f99,
        type: 3}
      propertyPath: m_Layer
      value: 5
      objectReference: {fileID: 0}
    m_RemovedComponents: []
  m_SourcePrefab: {fileID: 100100000, guid: 89d3ce5f3728840f08fef5fadf8c0f99, type: 3}
